@article{particle_physics,
	doi = {10.1088/0954-3899/37/7a/075021},
	url = {https://doi.org/10.1088%2F0954-3899%2F37%2F7a%2F075021},
	year = 2010,
	month = {jul},
	publisher = {{IOP} Publishing},
	volume = {37},
	number = {7A},
	pages = {075021},
	author = {K Nakamura et al.},
	title = {Review of Particle Physics},
	journal = {Journal of Physics G: Nuclear and Particle Physics},
}

@article{ tauid13,
	author =    {CMS Collaboration} ,
    title =     {Performance of reconstruction and identification of $\tau$ leptons decaying to hadrons and $\nu_\tau$ in pp collisions at $\sqrt{s} = 13$ TeV} ,
    year =      {2018} ,
    archivePrefix = {arXiv},
    eprint = {1809.02816},
    primaryClass = {hep-ex},
}


@article{ tauid,
	author =    {CMS Collaboration} ,
    title =     {Performance of $\tau$-lepton reconstruction and identification
in {CMS}} ,
    year =      {2011} ,
    archivePrefix = {arXiv},
    eprint = {1109.6034},
    primaryClass = {physics.ins-det},
}

@article{adolphi2008cms,
  title={The {CMS} experiment at the {CERN LHC}},
  author={Adolphi, Roman and others},
  journal={Jinst},
  volume={803},
  pages={S08004},
  year={2008}
}

@techreport{cms_technical,
  title={{CMS Physics: Technical Design Report Volume 1: Detector Performance and Software}},
  author={Bayatian, GL and Korablev, A and Soha, A and Sharif, O and Chertok, M and Mitaroff, W and Pauss, F and Genchev, V and Wensveen, M and Lemaitre, V and others},
  year={2006},
  institution={CMS-TDR-008-1}
}

@book{dl,
    title={Deep Learning},
    author={Ian Goodfellow and Yoshua Bengio and Aaron Courville},
    publisher={MIT Press},
    url={http://www.deeplearningbook.org},
    year={2016}
}

@book{ml,
  title={Machine learning: an algorithmic perspective},
  author={Marsland, Stephen},
  year={2011},
  publisher={Chapman and Hall/CRC}
}

@article{adam,
  author = {Kingma, Diederik P. and Ba, Jimmy},
  archivePrefix = {arXiv},
  eprint = {1412.6980},
  journal = {CoRR},
  title = {{Adam: A Method for Stochastic Optimization}},
  volume = {abs/1412.6980},
  year = 2014
}

@article{oldml,
  title={Learning representations by back-propagating errors},
  author={Rumelhart, David E and Hinton, Geoffrey E and Williams, Ronald J and others},
  journal={Cognitive modeling},
  volume={5},
  number={3},
  pages={1},
  year={1988}
}

@article{batch_norm,
  title={{Batch normalization: Accelerating deep network training by reducing internal covariate shift}},
  author={Ioffe, Sergey and Szegedy, Christian},
  archivePrefix = {arXiv},
  eprint = {1502.03167},
  year={2015}
}

@article{cms2016reconstruction,
  title={Reconstruction and identification of $\tau$ lepton decays to hadrons and $\nu$$\tau$ at CMS},
  author={CMS collaboration and others},
  journal={Journal of Instrumentation},
  volume={11},
  number={01},
  pages={P01019},
  year={2016},
  publisher={IOP Publishing}
}

@article{freund1997decision,
  title={A decision-theoretic generalization of on-line learning and an application to boosting},
  author={Freund, Yoav and Schapire, Robert E},
  journal={Journal of computer and system sciences},
  volume={55},
  number={1},
  pages={119--139},
  year={1997},
  publisher={Elsevier}
}

@article{breiman2001random,
  title={Random forests},
  author={Breiman, Leo},
  journal={Machine learning},
  volume={45},
  number={1},
  pages={5--32},
  year={2001},
  publisher={Springer}
}

@inproceedings{xgboost,
  title={{Xgboost: A scalable tree boosting system}},
  author={Chen, Tianqi and Guestrin, Carlos},
  booktitle={Proceedings of the 22nd acm sigkdd international conference on knowledge discovery and data mining},
  pages={785--794},
  year={2016},
  organization={ACM}
}

@inproceedings{relu,
 author = {Nair, Vinod and Hinton, Geoffrey E.},
 title = {{Rectified Linear Units Improve Restricted Boltzmann Machines}},
 year = {2010},
 pages = {807--814},
 series = {In \textit{Proceedings of ICML'10}},
} 
